@article{article2,
author = {Nieper-Wi√ükirchen, Marc},
year = {2007},
month = {09},
pages = {},
title = {Twisted Cohomology of the Hilbert Schemes of Points on Surfaces},
volume = {14},
journal = {Doc. Math.}
}

@article{article1,
author = {McGerty, Kevin and Nevins, Thomas},
year = {2011},
month = {08},
pages = {},
title = {Derived equivalence for quantum symplectic resolutions},
volume = {20},
journal = {Selecta Mathematica},
doi = {10.1007/s00029-013-0142-6}
}